<record><leader>00000cas a22000007a 4500</leader><controlfield tag="001">20495576</controlfield><controlfield tag="008">891016d19131914pr cn ne      0    0spa d</controlfield><datafield ind1=" " ind2=" " tag="010"><subfield code="a">sn 89078184 </subfield></datafield><datafield ind1=" " ind2=" " tag="040"><subfield code="a">PNN</subfield><subfield code="b">eng</subfield><subfield code="c">PNN</subfield><subfield code="d">OCLCQ</subfield></datafield><datafield ind1=" " ind2=" " tag="042"><subfield code="a">msc</subfield></datafield><datafield ind1="0" ind2="3" tag="245"><subfield code="a">El deber.</subfield></datafield><datafield ind1=" " ind2=" " tag="260"><subfield code="a">Bayamo&#769;n, P.R. :</subfield><subfield code="b">El Progreso Imprenta de Querol y Moreno</subfield></datafield><datafield ind1=" " ind2=" " tag="300"><subfield code="a">v.</subfield></datafield><datafield ind1=" " ind2=" " tag="310"><subfield code="a">Semiweekly,</subfield><subfield code="b">Sept. 3, 1913-&lt;Feb. 28, 1914&gt;</subfield></datafield><datafield ind1=" " ind2=" " tag="321"><subfield code="a">Daily (except Sunday),</subfield><subfield code="b">July 1-Aug. 2, 1913</subfield></datafield><datafield ind1="0" ind2=" " tag="362"><subfield code="a">An&#771;o 1, nu&#769;m. 1 (1 de jul. de 1913)-</subfield></datafield><datafield ind1="1" ind2=" " tag="362"><subfield code="a">Ceased in 1914?</subfield></datafield><datafield ind1=" " ind2=" " tag="500"><subfield code="a">&quot;Diario independiente de informacio&#769;n y anuncios.&quot;</subfield></datafield><datafield ind1=" " ind2=" " tag="515"><subfield code="a">Suspended: Aug. 3-Sept. 2, 1913.</subfield></datafield><datafield ind1=" " ind2=" " tag="752"><subfield code="a">United States</subfield><subfield code="b">Puerto Rico</subfield><subfield code="d">Bayamo&#769;n.</subfield></datafield></record>